@misc{ MVT,
	author = "{Uniwebsidad}",
	title = "El patrón de diseño MTV",
	year = "2020",
	howpublished =
	
	"\url{https://uniwebsidad.com/libros/django-1-0/capitulo-5/el-patron-de-diseno-mtv}",
	note = "[Online; accessed 07-Ene-2020]"
}

@misc{ GitHub,
	author = "{Wikipedia contributors}",
	title = "GitHub",
	month = "Septiembre",
	year = "2019",
	howpublished =
	
	"\url{https://es.wikipedia.org/wiki/GitHub}",
	note = "[Online; accessed 8-Oct-2019]"
}

@misc{Repositorio,
	author = "Félix Movilla Alonso",
	month = "Enero",
	year = "2020",
	howpublished =
	"\url{https://github.com/fma0043/TFG_ARBUBU}"
}