@misc{ Categoría Taxonómica,
	author = "{Wikipedia contributors}",
	title = "Categoría Taxonómica --- {Wikipedia}{,} The Free Encyclopedia",
	year = "2019",
	howpublished =
	
	"\url{https://es.wikipedia.org/wiki/Categoría_taxonómica}",
	note = "[Online; accessed 02-Jun-2019]"
}